<record xmlns="http://www.loc.gov/MARC21/slim" xmlns:xsi="http://www.w3.org/2001/XMLSchema-instance" xsi:schemaLocation="http://www.loc.gov/MARC21/slim http://www.loc.gov/standards/marcxml/schema/MARC21slim.xsd"><leader>02802nam a2200505   4500</leader><controlfield tag="001">001685590</controlfield><controlfield tag="003">NNU</controlfield><controlfield tag="006">m        d        </controlfield><controlfield tag="007">cr cn |||m|||a</controlfield><controlfield tag="008">150110s1965    iq h    o     000 0 arard</controlfield><datafield ind1=" " ind2=" " tag="040"><subfield code="a">NNU</subfield><subfield code="b">eng</subfield><subfield code="c">NNU</subfield></datafield><datafield ind1="0" ind2=" " tag="050"><subfield code="a">PJ7750.S26</subfield><subfield code="b">A8 1966</subfield></datafield><datafield ind1=" " ind2=" " tag="066"><subfield code="c">(3</subfield></datafield><datafield ind1=" " ind2=" " tag="090"><subfield code="a">PJ7750.S26</subfield><subfield code="b">A8 1966</subfield></datafield><datafield ind1="1" ind2=" " tag="100"><subfield code="6">880-01</subfield><subfield code="a">&#7778;&#257;&#7717;ib al-&#7788;&#257;lq&#257;n&#299;, Ab&#363; al-Q&#257;sim Ism&#257;&#699;&#299;l ibn &#699;Abb&#257;d,</subfield><subfield code="d">936-995</subfield></datafield><datafield ind1="1" ind2="3" tag="245"><subfield code="6">880-02</subfield><subfield code="a">al-Amth&#257;l al-s&#257;&#700;irah min shi&#699;r al-Mutanabb&#299;, wa-al-R&#363;zn&#257;mjah</subfield><subfield code="h">[electronic resource] /</subfield><subfield code="c">Ta&#700;l&#299;f al-&#7778;&#257;hib Ab&#299; al-Q&#257;sim Ism&#257;&#699;&#299;l ibn &#699;Abb&#257;d ; ta&#7717;q&#299;q Mu&#7717;ammad &#7716;asan &#256;l Y&#257;s&#299;n.</subfield></datafield><datafield ind1="3" ind2=" " tag="246"><subfield code="6">880-03</subfield><subfield code="a">R&#363;zn&#257;mjah</subfield></datafield><datafield ind1="3" ind2="0" tag="246"><subfield code="a">R&#363;zn&#257;majah</subfield></datafield><datafield ind1="1" ind2="4" tag="246"><subfield code="a">Popular proverbs from al-Mutanabbi's poetry, &amp; the Memoranda</subfield></datafield><datafield ind1=" " ind2=" " tag="250"><subfield code="6">880-04</subfield><subfield code="a">al-&#7788;ab&#699;ah 1.</subfield></datafield><datafield ind1=" " ind2=" " tag="260"><subfield code="6">880-05</subfield><subfield code="a">Baghdad :</subfield><subfield code="b">Maktabat al-Nah&#7693;ah,</subfield><subfield code="c">1965.</subfield></datafield><datafield ind1=" " ind2=" " tag="300"><subfield code="a">online resource (124 p.) :</subfield><subfield code="b">facsims.</subfield></datafield><datafield ind1="1" ind2=" " tag="490"><subfield code="6">880-06</subfield><subfield code="a">Naf&#257;&#699;is al-makh&#7789;&#363;&#7789;&#257;t ;</subfield><subfield code="v">4</subfield></datafield><datafield ind1=" " ind2=" " tag="500"><subfield code="a">Cover title: Popular proverbs from al-Mutanabbi's poetry, &amp; the Memoranda, by al-Sahib ben Abbad. Edited by Muhamad Hassan Al-yasseen.</subfield></datafield><datafield ind1=" " ind2=" " tag="500"><subfield code="a">Date on cover 1966.</subfield></datafield><datafield ind1=" " ind2=" " tag="500"><subfield code="a">Part of the Arabic Collections Online (ACO) project, contributed by New York Univeristy Libraries.</subfield></datafield><datafield ind1=" " ind2=" " tag="533"><subfield code="a">Electronic reproduction.</subfield><subfield code="b">New York, N.Y. :</subfield><subfield code="c">New York University,</subfield><subfield code="d">2015.</subfield><subfield code="5">NNU</subfield></datafield><datafield ind1="1" ind2=" " tag="700"><subfield code="6">880-07</subfield><subfield code="a">Mutanabb&#299;, Ab&#363; al-&#7788;ayyib A&#7717;mad ibn al-&#7716;usayn,</subfield><subfield code="d">915 or 16-965</subfield></datafield><datafield ind1="1" ind2=" " tag="700"><subfield code="6">880-08</subfield><subfield code="a">&#256;l Y&#257;s&#299;n, Mu&#7717;ammad &#7716;asan</subfield></datafield><datafield ind1="2" ind2=" " tag="710"><subfield code="a">New York University.</subfield><subfield code="b">Libraries.</subfield></datafield><datafield ind1="0" ind2=" " tag="730"><subfield code="a">Arabic Collections Online.</subfield></datafield><datafield ind1="0" ind2="8" tag="776"><subfield code="i">Print version:</subfield><subfield code="a">&#7778;&#257;&#7717;ib al-&#7788;&#257;lq&#257;n&#299;, Ab&#363; al-Q&#257;sim Ism&#257;&#699;&#299;l ibn &#699;Abb&#257;d, 936-995 880-01</subfield><subfield code="t">al-Amth&#257;l al-s&#257;&#700;irah min shi&#699;r al-Mutanabb&#299;, wa-al-R&#363;zn&#257;mjah</subfield><subfield code="w">(NNU)001685590</subfield><subfield code="w">(DLC)ne 68003288</subfield></datafield><datafield ind1="4" ind2="0" tag="856"><subfield code="u">http://hdl.handle.net/2333.1/n8pk0qxg</subfield></datafield><datafield ind1="1" ind2=" " tag="880"><subfield code="6">100-01/</subfield><subfield code="a">&#1589;&#1575;&#1581;&#1576; &#1575;&#1604;&#1591;&#1575;&#1604;&#1602;&#1575;&#1606;&#1610;&#1548; &#1571;&#1576;&#1608; &#1575;&#1604;&#1602;&#1575;&#1587;&#1605; &#1573;&#1587;&#1605;&#1575;&#1593;&#1610;&#1604; &#1576;&#1606; &#1593;&#1576;&#1575;&#1583;.</subfield></datafield><datafield ind1="1" ind2="2" tag="880"><subfield code="6">245-02/</subfield><subfield code="a">&#1575;&#1604;&#1571;&#1605;&#1579;&#1575;&#1604; &#1575;&#1604;&#1587;&#1575;&#1574;&#1585;&#1577; &#1605;&#1606; &#1588;&#1593;&#1585; &#1575;&#1604;&#1605;&#1578;&#1606;&#1576;&#1610;&#1548; &#1608;&#1575;&#1604;&#1585;&#1608;&#1586;&#1606;&#1575;&#1605;&#1580;&#1577; /</subfield><subfield code="c">&#1578;&#1571;&#1604;&#1610;&#1601; &#1575;&#1604;&#1589;&#1575;&#1581;&#1576; &#1571;&#1576;&#1610; &#1575;&#1604;&#1602;&#1575;&#1587;&#1605; &#1573;&#1587;&#1605;&#1575;&#1593;&#1610;&#1604; &#1576;&#1606; &#1593;&#1576;&#1575;&#1583; &#1563; &#1578;&#1581;&#1602;&#1610;&#1602; &#1605;&#1581;&#1605;&#1583; &#1581;&#1587;&#1606; &#1570;&#1604; &#1610;&#1575;&#1587;&#1610;&#1606;.</subfield></datafield><datafield ind1="3" ind2=" " tag="880"><subfield code="6">246-03/</subfield><subfield code="a">&#1585;&#1608;&#1586;&#1606;&#1575;&#1605;&#1580;&#1577;</subfield></datafield><datafield ind1=" " ind2=" " tag="880"><subfield code="6">250-04/</subfield><subfield code="a">&#1575;&#1604;&#1591;&#1576;&#1593;&#1577; 1.</subfield></datafield><datafield ind1=" " ind2=" " tag="880"><subfield code="6">260-05/</subfield><subfield code="a">&#1576;&#1594;&#1583;&#1575;&#1583; :</subfield><subfield code="b">&#1605;&#1603;&#1578;&#1576;&#1577; &#1575;&#1604;&#1606;&#1607;&#1590;&#1577;&#1548;</subfield><subfield code="c">1965.</subfield></datafield><datafield ind1="1" ind2=" " tag="880"><subfield code="6">490-06/</subfield><subfield code="a">&#1606;&#1601;&#1575;&#1574;&#1587; &#1575;&#1604;&#1605;&#1582;&#1591;&#1608;&#1591;&#1575;&#1578; &#1563;</subfield><subfield code="v">4</subfield></datafield><datafield ind1="1" ind2=" " tag="880"><subfield code="6">700-07/</subfield><subfield code="a">&#1605;&#1578;&#1606;&#1576;&#1610;&#1548; &#1571;&#1576;&#1608; &#1575;&#1604;&#1591;&#1610;&#1576; &#1571;&#1581;&#1605;&#1583; &#1576;&#1606; &#1575;&#1604;&#1581;&#1587;&#1610;&#1606;.</subfield></datafield><datafield ind1="1" ind2=" " tag="880"><subfield code="6">700-08/</subfield><subfield code="a">&#1570;&#1604; &#1610;&#1575;&#1587;&#1610;&#1606;&#1548; &#1605;&#1581;&#1605;&#1583; &#1581;&#1587;&#1606;.</subfield></datafield><datafield ind1=" " ind2="0" tag="830"><subfield code="6">880-09</subfield><subfield code="a">Naf&#257;&#699;is al-makh&#7789;&#363;&#7789;&#257;t ;</subfield><subfield code="v">4.</subfield></datafield><datafield ind1=" " ind2="0" tag="880"><subfield code="6">830-09/</subfield><subfield code="a">&#1606;&#1601;&#1575;&#1574;&#1587; &#1575;&#1604;&#1605;&#1582;&#1591;&#1608;&#1591;&#1575;&#1578; &#1563;</subfield><subfield code="v">4</subfield></datafield><datafield ind1=" " ind2=" " tag="959"><subfield code="a">NNU</subfield><subfield code="b">WEB</subfield><subfield code="c">GENI</subfield><subfield code="t">0</subfield><subfield code="m">Electronic access</subfield><subfield code="s">01</subfield></datafield><datafield ind1=" " ind2=" " tag="999"><subfield code="i">NNU_001685590</subfield><subfield code="o" /><subfield code="e">(ERROR-880)</subfield></datafield></record>